@misc{ellipseDoc,
  key = {ellipses},
  title = {Ellipse},
  note = {\url{https://fr.wikipedia.org/wiki/Ellipse_(math%C3%A9matiques)}}
}
@misc{extensionDoc,
  key = {extension},
  title = {Extension},
  note = {\url{https://kotlinlang.org/docs/reference/extensions.html}}
}
@misc{kotlinDoc,
  key = {kotlin},
  title = {Kotlin},
  note = {\url{https://kotlinlang.org/}}
}
@misc{singletonDoc,
  key = {singleton},
  title = {Singleton},
  note = {\url{https://fr.wikipedia.org/wiki/Singleton_(patron_de_conception)}}
}
